@article{lineardelaunay,
author = {Chin, Francis and Wang, Cao An},
title = {\href{https://doi.org/10.1137/S0097539795285916}{Finding the Constrained Delaunay Triangulation and Constrained Voronoi Diagram of a Simple Polygon in Linear Time}},
journal = {SIAM Journal on Computing},
volume = {28},
number = {2},
pages = {471-486},
year = {1998},
doi = {10.1137/S0097539795285916},

URL = { 
        https://doi.org/10.1137/S0097539795285916
    
},
eprint = { 
        https://doi.org/10.1137/S0097539795285916
    
}
}

@article{optimalmst,
author = {Pettie, Seth and Ramachandran, Vijaya},
title = {\href{https://doi.org/10.1145/505241.505243}{An Optimal Minimum Spanning Tree Algorithm}},
year = {2002},
issue_date = {January 2002},
publisher = {Association for Computing Machinery},
address = {New York, NY, USA},
volume = {49},
number = {1},
issn = {0004-5411},
url = {https://doi.org/10.1145/505241.505243},
doi = {10.1145/505241.505243},
Gn,p.},
journal = {J. ACM},
month = {jan},
pages = {16–34},
numpages = {19},
keywords = {minimum spanning tree, Graph algorithms, optimal complexity}
}

@article{shiverssort,
author = {Jug\'{e}, Vincent},
title = {\href{https://dl.acm.org/doi/10.5555/3381089.3381190}{Adaptive Shivers Sort: An Alternative Sorting Algorithm}},
year = {2020},
publisher = {Society for Industrial and Applied Mathematics},
address = {USA},
booktitle = {Proceedings of the Thirty-First Annual ACM-SIAM Symposium on Discrete Algorithms},
pages = {1639–1654},
numpages = {16},
location = {Salt Lake City, Utah},
series = {SODA '20}
}

@article{timsortcomplexity,
  author    = {Nicolas Auger and
               Vincent Jug{\'{e}} and
               Cyril Nicaud and
               Carine Pivoteau},
  title     = {\href{http://arxiv.org/abs/1805.08612}{On the Worst-Case Complexity of TimSort}},
  journal   = {CoRR},
  volume    = {abs/1805.08612},
  year      = {2018},
  url       = {http://arxiv.org/abs/1805.08612},
  eprinttype = {arXiv},
  eprint    = {1805.08612},
  timestamp = {Mon, 13 Aug 2018 16:48:48 +0200},
  biburl    = {https://dblp.org/rec/journals/corr/abs-1805-08612.bib},
  bibsource = {dblp computer science bibliography, https://dblp.org}
}

@article{wikipedia,
  author	= {Wikipedia}
  title		= {\href{https://en.wikipedia.org/wiki/Delaunay_triangulation}{Delaunay Triangulation}},
  url		= {https://en.wikipedia.org/wiki/Delaunay_triangulation},
  timestamp	= {Mon,	7 Mar 2022 13:38:30 +0000}
}

@article{minhull,
  author    = {Sariel Har{-}Peled},
  title     = {\href{http://arxiv.org/abs/1111.5340}{On the Expected Complexity of Random Convex Hulls}},
  journal   = {CoRR},
  volume    = {abs/1111.5340},
  year      = {2011},
  url       = {http://arxiv.org/abs/1111.5340},
  eprinttype = {arXiv},
  eprint    = {1111.5340},
  timestamp = {Mon, 13 Aug 2018 16:48:45 +0200},
  biburl    = {https://dblp.org/rec/journals/corr/abs-1111-5340.bib},
  bibsource = {dblp computer science bibliography, https://dblp.org}
}

@article{nlgndelaunay,
  author 	= {Paul Chew},
  title		= {\href{https://www.cs.jhu.edu/~misha/Spring20/Chew87.pdf}{Constrained Delaunay Triangulations}},
  url		= {https://www.cs.jhu.edu/~misha/Spring20/Chew87.pdf},
}